@article{BMRV23,
	title={Higher-dimensional cubical sliding puzzles}, 
	author={Moritz Beyer and Stefano Mereta and Érika Roldán and Peter Voran},
	year={2023},
	eprint={2307.14143},
	archivePrefix={arXiv},
	primaryClass={math.CO}
}

@article{G11,
title = {Finding the shortest move-sequence in the graph-generalized
15-puzzle is NP-hard.},
author = {Oded Goldreich},
year = {2011},
journal = {Studies in complexity and cryptography. Miscellanea on the interplay between randomness and computation},
publisher = {Springer},
pages = {1-5}
}

@article{WDSM08,
	author = {P.R. Wurman and R. D'Andrea and R. Stern and M. Mountz},
	title = {Coordinating hundreds of cooperative, autonomous vehicles in warehouses.},
	date = {2008},
	journal = {AI Mag},
}


@article{M16,
	title = {Planning, scheduling and monitoring for airport surface operations.},
	author = {R. Morris et. al.},
	date = {2016},
	journal = {AAAI Workshop: Planning for Hybrid Systems},
}

@article{VBCR15,
	title = {CoBots: robust symbiotic autonomous mobile service robots},
	author = {M.M. Veloso and J. Biswas and B. Coltin and S. Rosenthal},
	year = {2015},
	journal = {IJCAI},
	page = {4423}
}

@article{S19,
	title = {Multi-Agent Path Finding – an Overview},
	author = {Roni Stern},
	year = {2019},
	journal = {Lecture Notes in Computer Science.},
	issue = {11866},
	pages = {96--115},
}

@article{St19,
	title = {Multi-Agent Pathfinding: Definitions, Variants, and Benchmarks.},
	author = {Roni Stern et. al.},
	year = {2019},
	journal = {Proceedings of the International Symposium on Combinatorial Search},
	volume = {12}
}


