@article{beyer2023higher,
	title={Higher-dimensional cubical sliding puzzles},
	author={Beyer, Moritz and Mereta, Stefano and Rold{\'a}n, {\'E}rika and Voran, Peter},
	journal={arXiv preprint arXiv:2307.14143},
	year={2023}
}

@inproceedings{morris2016planning,
	title={Planning, Scheduling and Monitoring for Airport Surface Operations.},
	author={Morris, Robert and Pasareanu, Corina S and Luckow, Kasper S{\o}e and Malik, Waqar and Ma, Hang and Kumar, TK Satish and Koenig, Sven},
	booktitle={AAAI Workshop: Planning for Hybrid Systems},
	pages={608--614},
	year={2016}
}


@inproceedings{stern2019multi,
	title={Multi-agent pathfinding: Definitions, variants, and benchmarks},
	author={Stern, Roni and Sturtevant, Nathan and Felner, Ariel and Koenig, Sven and Ma, Hang and Walker, Thayne and Li, Jiaoyang and Atzmon, Dor and Cohen, Liron and Kumar, TK and others},
	booktitle={Proceedings of the International Symposium on Combinatorial Search},
	volume={10},
	number={1},
	pages={151--158},
	year={2019}
}

@article{stern2019multi,
	title={Multi-agent path finding--an overview},
	author={Stern, Roni},
	journal={Artificial Intelligence: 5th RAAI Summer School, Dolgoprudny, Russia, July 4--7, 2019, Tutorial Lectures},
	pages={96--115},
	year={2019},
	publisher={Springer}
}

@inproceedings{veloso2015cobots,
	title={Cobots: Robust symbiotic autonomous mobile service robots},
	author={Veloso, Manuela and Biswas, Joydeep and Coltin, Brian and Rosenthal, Stephanie},
	booktitle={Twenty-fourth international joint conference on artificial intelligence},
	year={2015},
	organization={Citeseer}
}

@article{wurman2008coordinating,
	title={Coordinating hundreds of cooperative, autonomous vehicles in warehouses},
	author={Wurman, Peter R and D'Andrea, Raffaello and Mountz, Mick},
	journal={AI magazine},
	volume={29},
	number={1},
	pages={9--9},
	year={2008}
}

@book{goldreich2011finding,
	title={Finding the shortest move-sequence in the graph-generalized 15-puzzle is NP-hard},
	author={Goldreich, Oded},
	year={2011},
	publisher={Springer}
}
